
@misc{bar-shalomInteractingMultipleModel,
  title = {Interacting Multiple Model Methods in Target Tracking: A Survey - {{IEEE Journals}} \& {{Magazine}}},
  author = {{Bar-Shalom}, Yaakov},
  file = {C\:\\Users\\erikz\\Zotero\\storage\\GRZFLYBK\\640267.html},
  howpublished = {https://ieeexplore.ieee.org/abstract/document/640267}
}

