
@online{bar-shalomInteractingMultipleModel,
  title = {Interacting Multiple Model Methods in Target Tracking: A Survey - {{IEEE Journals}} \& {{Magazine}}},
  author = {Bar-Shalom, Yaakov},
  url = {https://ieeexplore.ieee.org/abstract/document/640267},
  urldate = {2020-02-02},
  file = {C\:\\Users\\erikz\\Zotero\\storage\\GRZFLYBK\\640267.html}
}
@article{barbosaOverviewTargetTracking2008,
  title = {An {{Overview}} on {{Target Tracking Using Multiple Model Methods}}},
  author = {Barbosa, Joana and Gomes, Bastos},
  date = {2008},
  file = {C\:\\Users\\erikz\\Zotero\\storage\\XS6TVEIY\\summary.html}
}
@article{genoveseInteractingMultipleModel2001,
  title = {The Interacting Multiple Model Algorithm for Accurate State Estimation of Maneuvering Targets},
  author = {Genovese, Anthony F.},
  date = {2001},
  journaltitle = {Johns Hopkins APL technical digest},
  volume = {22},
  pages = {614--623},
  file = {C\:\\Users\\erikz\\Zotero\\storage\\BVU3H3U7\\Genovese - 2001 - The interacting multiple model algorithm for accur.pdf},
  number = {4}
}

