
@article{genoveseInteractingMultipleModel2001,
  title = {The Interacting Multiple Model Algorithm for Accurate State Estimation of Maneuvering Targets},
  author = {Genovese, Anthony F.},
  date = {2001},
  journaltitle = {Johns Hopkins APL technical digest},
  volume = {22},
  pages = {614--623},
  file = {C\:\\Users\\erikz\\Zotero\\storage\\BVU3H3U7\\Genovese - 2001 - The interacting multiple model algorithm for accur.pdf},
  number = {4}
}

